<?xml version="1.0" encoding="UTF-8"?><record xmlns="http://www.loc.gov/MARC21/slim" xmlns:cinclude="http://apache.org/cocoon/include/1.0" xmlns:zs="http://www.loc.gov/zing/srw/">
  <leader>00426nz  a2200145n  4500</leader>
  <controlfield tag="001">no 98045991 </controlfield>
  <controlfield tag="003">DLC</controlfield>
  <controlfield tag="005">19980128071913.2</controlfield>
  <controlfield tag="008">980127n| acannaab|          |n aad     c</controlfield>
  <datafield tag="010" ind1=" " ind2=" ">
    <subfield code="a">no 98045991 </subfield>
  </datafield>
  <datafield tag="035" ind1=" " ind2=" ">
    <subfield code="a">(OCoLC)oca04630329 </subfield>
  </datafield>
  <datafield tag="040" ind1=" " ind2=" ">
    <subfield code="a">OCoLC</subfield>
    <subfield code="c">OCoLC</subfield>
  </datafield>
  <datafield tag="100" ind1="1" ind2="0">
    <subfield code="a">Hartsfield, R. M.</subfield>
    <subfield code="t">Suite,</subfield>
    <subfield code="m">guitars (2)</subfield>
  </datafield>
  <datafield tag="667" ind1=" " ind2=" ">
    <subfield code="a">Machine-derived authority record.</subfield>
  </datafield>
  <datafield tag="670" ind1=" " ind2=" ">
    <subfield code="a">LCCN 95-752699: Hartsfield, R.M. Suite for two guitars, c1993</subfield>
  </datafield>
</record>